<record><leader>00000cas a22000007a 4500</leader><controlfield tag="001">10133529</controlfield><controlfield tag="008">831116d19821992vauwn ne      0   a0eng d</controlfield><datafield ind1=" " ind2=" " tag="010"><subfield code="a">sn 83009955 </subfield></datafield><datafield ind1=" " ind2=" " tag="040"><subfield code="a">NSD</subfield><subfield code="b">eng</subfield><subfield code="c">NSD</subfield><subfield code="d">NVK</subfield><subfield code="d">OCLCQ</subfield><subfield code="d">NVK</subfield><subfield code="d">OCLCQ</subfield><subfield code="d">OCLCF</subfield><subfield code="d">OCLCO</subfield></datafield><datafield ind1=" " ind2=" " tag="012"><subfield code="m">d</subfield></datafield><datafield ind1="1" ind2=" " tag="022"><subfield code="a">0746-584X</subfield><subfield code="l">0746-584X</subfield><subfield code="2">1</subfield></datafield><datafield ind1="1" ind2=" " tag="029"><subfield code="a">AU@</subfield><subfield code="b">000020293735</subfield></datafield><datafield ind1=" " ind2=" " tag="037"><subfield code="b">Dickenson County Publishing Co., P.O. Box 398, Clinchco, VA 24226</subfield></datafield><datafield ind1=" " ind2=" " tag="042"><subfield code="a">nsdp</subfield></datafield><datafield ind1=" " ind2=" " tag="043"><subfield code="a">n-us-va</subfield></datafield><datafield ind1=" " ind2="4" tag="222"><subfield code="a">The Dickenson star</subfield></datafield><datafield ind1="0" ind2="4" tag="245"><subfield code="a">The Dickenson star.</subfield></datafield><datafield ind1=" " ind2=" " tag="260"><subfield code="a">Clinchco, Va. :</subfield><subfield code="b">Dickenson County Pub. Co.</subfield></datafield><datafield ind1=" " ind2=" " tag="300"><subfield code="a">v.</subfield></datafield><datafield ind1=" " ind2=" " tag="310"><subfield code="a">Weekly (except Christmas)</subfield></datafield><datafield ind1="1" ind2=" " tag="362"><subfield code="a">Began in 1982.</subfield></datafield><datafield ind1="0" ind2=" " tag="362"><subfield code="a">-v. 10, no. 53 (Dec. 30, 1992).</subfield></datafield><datafield ind1=" " ind2=" " tag="500"><subfield code="a">"Voice of Virginia's baby."</subfield></datafield><datafield ind1=" " ind2=" " tag="500"><subfield code="a">Publishers: Dickenson Press, Inc., Jan. 3, 1991-</subfield></datafield><datafield ind1=" " ind2=" " tag="515"><subfield code="a">Several numbering peculiarities.</subfield></datafield><datafield ind1=" " ind2=" " tag="525"><subfield code="a">Supplements for Southwest Virginia Community College appear seasonally.</subfield></datafield><datafield ind1=" " ind2=" " tag="530"><subfield code="a">Available on microfilm from Bell and Howell, and UMI.</subfield></datafield><datafield ind1=" " ind2=" " tag="588"><subfield code="a">Description based on: Vol. 1, no. 30 (Dec. 2, 1983).</subfield></datafield><datafield ind1=" " ind2="0" tag="651"><subfield code="a">Dickenson County (Va.)</subfield><subfield code="v">Newspapers.</subfield></datafield><datafield ind1=" " ind2="4" tag="651"><subfield code="a">Clinchco (Va.)</subfield><subfield code="v">Newspapers.</subfield></datafield><datafield ind1=" " ind2="7" tag="655"><subfield code="a">Newspapers.</subfield><subfield code="2">fast</subfield><subfield code="0">(OCoLC)fst01423814</subfield></datafield><datafield ind1=" " ind2="7" tag="651"><subfield code="a">Virginia</subfield><subfield code="z">Dickenson County.</subfield><subfield code="2">fast</subfield><subfield code="0">(OCoLC)fst01225804</subfield></datafield><datafield ind1=" " ind2=" " tag="752"><subfield code="a">United States</subfield><subfield code="b">Virginia</subfield><subfield code="c">Dickenson</subfield><subfield code="d">Clinchco.</subfield></datafield><datafield ind1="0" ind2="7" tag="785"><subfield code="t">Cumberland times (Clintwood, Va.)</subfield><subfield code="w">(DLC)sn 98068247</subfield></datafield><datafield ind1="0" ind2="7" tag="785"><subfield code="t">Dickenson star, the Cumberland times</subfield><subfield code="x">1081-1885</subfield><subfield code="w">(DLC)sn 95004457</subfield></datafield></record>